@article {
bib:kowalski_2015,
author = {Kowalski Jan and Nowak Jan},
title = {Testowy artykuł},
journal = {Testowe czasopismo},
year = 2005
}

@book{
haken:atomy:kwanty,
address = "Warszawa",
author = "Haken, Herman and Wolf, Hans Christoph",
edition = "drugie, zmienione",
isbn = "83-01-13626-X",
publisher = "Wydawnictwo Naukowe PWN",
note = "Tłumaczenie: Irena Deperasi´nska, Jerzy Prochorow",
title = "Atomy i kwanty. Wprowadzenie do współczesnej spektroskopii atomowej",
year = 2002
}

@misc{
bib:iso_9126,
howpublished = {\url{http://www.iso.org/iso/iso_catalogue/catalogue_tc/catalogue_detail.htm?csnumber=22749}}
title = {ISO/IEC 9126-1:2001, Software engineering -- Product quality -- Part 1: Quality model},
year = 2001
}

@misc{
bib:istqb,
howpublished = {\url{http://www.istqb.org}
title = {International Software Testing Qualifications Board},

}